@inbook{inbook,
author = {Xie, Yuan and Gao, Wenliang and Dai, Zuxu and Li, Yuanyuan},
year = {2022},
month = {02},
pages = {},
title = {Research and Improvement of Alpha-Beta Search Algorithm in Gobang},
isbn = {9781643682549},
doi = {10.3233/ATDE220084},
url = {https://www.researchgate.net/publication/367787222_Research_and_Improvement_of_Alpha-Beta_Search_Algorithm_in_Gobang}
}

